<?xml version="1.0" encoding="UTF-8"?><collection xmlns="http://www.loc.gov/MARC21/slim"><record><leader>00492nam--2200157-i-4500</leader><controlfield tag="001">000034341</controlfield><controlfield tag="002">20161230</controlfield><controlfield tag="005">20161230201040</controlfield><controlfield tag="008">060222s1000------------r-----000-0-eng-d</controlfield><datafield ind1=" " ind2=" " tag="080"><subfield code="a">512.818(043)</subfield></datafield><datafield ind1=" " ind2=" " tag="100"><subfield code="a">Nguiffo, M., Boyom, B</subfield></datafield><datafield ind1=" " ind2=" " tag="245"><subfield code="a">Pseudo-groupes de lie extremaux et quelques applications topologiques(parties i et ii) s-geometrie intransitive(partie iii).these</subfield></datafield><datafield ind1=" " ind2=" " tag="260"><subfield code="a">Paris, Universite, 1976</subfield></datafield><datafield ind1=" " ind2=" " tag="300"><subfield code="a">123 p</subfield></datafield><datafield ind1=" " ind2=" " tag="852"><subfield code="a">44984</subfield><subfield code="c">513.83</subfield></datafield><datafield ind1=" " ind2=" " tag="CAT"><subfield code="a">Sys</subfield><subfield code="c">20080609</subfield><subfield code="h">104117</subfield></datafield></record></collection>